<record><leader>00000cas a2200000 a 4500</leader><controlfield tag="001">10503421</controlfield><controlfield tag="008">840309d18251848ncucr ne      0    0eng c</controlfield><datafield ind1=" " ind2=" " tag="010"><subfield code="a">sn 84026583 </subfield></datafield><datafield ind1=" " ind2=" " tag="040"><subfield code="a">NPU</subfield><subfield code="b">eng</subfield><subfield code="c">NPU</subfield><subfield code="d">DLC</subfield><subfield code="d">NPX</subfield><subfield code="d">NPA</subfield><subfield code="d">NPV</subfield><subfield code="d">DLC</subfield><subfield code="d">NVH</subfield><subfield code="d">NVJ</subfield><subfield code="d">NVF</subfield><subfield code="d">CNK</subfield><subfield code="d">WAU</subfield><subfield code="d">DLC</subfield><subfield code="d">OCL</subfield><subfield code="d">IUL</subfield><subfield code="d">OCLCQ</subfield><subfield code="d">CUI</subfield><subfield code="d">OCLCQ</subfield><subfield code="d">OCLCF</subfield></datafield><datafield ind1="1" ind2=" " tag="029"><subfield code="a">AU@</subfield><subfield code="b">000026223408</subfield></datafield><datafield ind1=" " ind2=" " tag="042"><subfield code="a">pcc</subfield></datafield><datafield ind1=" " ind2=" " tag="043"><subfield code="a">n-us-nc</subfield></datafield><datafield ind1="0" ind2="0" tag="050"><subfield code="a">Newspaper</subfield></datafield><datafield ind1=" " ind2="4" tag="050"><subfield code="a">AN</subfield></datafield><datafield ind1="0" ind2=" " tag="130"><subfield code="a">Raleigh register, and North-Carolina gazette (Raleigh, N.C. : 1825 : Semiweekly)</subfield></datafield><datafield ind1="1" ind2="0" tag="245"><subfield code="a">Raleigh register, and North-Carolina gazette.</subfield></datafield><datafield ind1="1" ind2="3" tag="246"><subfield code="a">Raleigh register</subfield></datafield><datafield ind1="1" ind2="3" tag="246"><subfield code="a">North-Carolina gazette</subfield></datafield><datafield ind1="1" ind2="3" tag="246"><subfield code="a">Semi-weekly Raleigh register</subfield></datafield><datafield ind1=" " ind2=" " tag="260"><subfield code="a">Raleigh, N.C. :</subfield><subfield code="b">Joseph Gales &amp; Son,</subfield><subfield code="c">1825-1848.</subfield></datafield><datafield ind1=" " ind2=" " tag="300"><subfield code="a">47 v.</subfield></datafield><datafield ind1=" " ind2=" " tag="310"><subfield code="a">Semiweekly</subfield></datafield><datafield ind1="0" ind2=" " tag="362"><subfield code="a">Vol. 3, no. 214 (Dec. 6, 1825)-v. 49, no. 86 (Oct. 28, 1848).</subfield></datafield><datafield ind1=" " ind2=" " tag="530"><subfield code="a">Also issued on microfilm from the North Carolina Dept. of Archives and History, Raleigh.</subfield></datafield><datafield ind1=" " ind2=" " tag="580"><subfield code="a">Weekly editions: Raleigh register, and North-Carolina gazette (Raleigh, N.C. : 1825 : Weekly), Dec. 9, 1825-1841, and: Weekly Raleigh register and North Carolina gazette, 1841-May 26, 1852.</subfield></datafield><datafield ind1=" " ind2="0" tag="651"><subfield code="a">Raleigh (N.C.)</subfield><subfield code="v">Newspapers.</subfield></datafield><datafield ind1=" " ind2="0" tag="651"><subfield code="a">Wake County (N.C.)</subfield><subfield code="v">Newspapers.</subfield></datafield><datafield ind1=" " ind2="7" tag="655"><subfield code="a">Newspapers.</subfield><subfield code="2">fast</subfield><subfield code="0">(OCoLC)fst01423814</subfield></datafield><datafield ind1=" " ind2="7" tag="651"><subfield code="a">North Carolina</subfield><subfield code="z">Raleigh.</subfield><subfield code="2">fast</subfield><subfield code="0">(OCoLC)fst01206341</subfield></datafield><datafield ind1=" " ind2="7" tag="651"><subfield code="a">North Carolina</subfield><subfield code="z">Wake County.</subfield><subfield code="2">fast</subfield><subfield code="0">(OCoLC)fst01204274</subfield></datafield><datafield ind1=" " ind2=" " tag="752"><subfield code="a">United States</subfield><subfield code="b">North Carolina</subfield><subfield code="c">Wake</subfield><subfield code="d">Raleigh.</subfield></datafield><datafield ind1="1" ind2=" " tag="775"><subfield code="t">Raleigh register, and North-Carolina gazette (Raleigh, N.C. : 1825 : Weekly)</subfield><subfield code="w">(DLC)sn 92073048</subfield><subfield code="w">(OCoLC)25806559</subfield></datafield><datafield ind1="1" ind2=" " tag="775"><subfield code="t">Weekly Raleigh register, and North Carolina gazette</subfield><subfield code="w">(DLC)sn 85042118</subfield><subfield code="w">(OCoLC)11796187</subfield></datafield><datafield ind1="0" ind2="8" tag="776"><subfield code="i">Online version:</subfield><subfield code="t">Raleigh register, and North-Carolina gazette (Raleigh, N.C. : 1825 : Semiweekly : Online)</subfield><subfield code="w">(OCoLC)680775585</subfield></datafield><datafield ind1="0" ind2="0" tag="780"><subfield code="t">Raleigh register, and North-Carolina state gazette (Raleigh, N.C. : 1823 : Semiweekly)</subfield><subfield code="w">(DLC)sn 85042122</subfield><subfield code="w">(OCoLC)11799506</subfield></datafield><datafield ind1="0" ind2="0" tag="785"><subfield code="t">Raleigh register (Raleigh, N.C. : 1848 : Semiweekly)</subfield><subfield code="w">(DLC)sn 84026584</subfield><subfield code="w">(OCoLC)10503691</subfield></datafield></record>